@Article{infographic,
 author   = {T. Rowe Price},
 title    = {A Brief History of 3D Printing},
 journal  = {Statetech Technology Insights for Leaders in State \& Local Government},
 year     = {2013},
 howpublished= {\url{http://www.statetechmagazine.com/article/2013/08/history-3d-printing-infographic}}
}

@Misc{3dgraf,
 author   = {Christopher Barnatt},
 title    = {3D Printing},
 year     = {2013},
 howpublished= {\url{http://www.explainingthefuture.com/3dprinting.html}}
}

@Misc{objet,
 author   = {Objet},
 title    = {Connex500 - The PolyJet Matrix System},
 year     = {2013},
 howpublished= {\url{http://oldsite.objet.com/Portals/0/docs/Connex\_500.pdf}}
}

@Misc{3trpd,
 author   = {3T - Building Success Layer By Layer},
 title    = {Metal Additive Manufacturing (AM) using Direct Metal Laser Sintering (DMLS)},
 year     = {2013},
 howpublished= {\url{http://www.3trpd.co.uk/dmls.htm}}
}

@Misc{blueprinter,
 author   = {Blueprinter - Empowering People to Create},
 title    = {Affordable 3D Printer with new Selective Heat Sintering (SHS) technology},
 year     = {2013},
 howpublished= {\url{http://www.blueprinter.dk/shs.html}}
}

@Article{Sturm,
 author   = {Peter Sturm},
 title    = {A Historical Survey of Geometric Computer Vision},
 journal  = {International Conference on Computer Analysis of Images and Patterns (CAIP)},
 year     = {2011}
}

@Book{jtec,
 author   = {Friedrich B. Prinz; Clinton L. Atwood; Richard F. Aubin; Joseph J. Beaman; Robert L. Brown; Paul S. Fussell; Allan J. Lightman; Emanuel Sachs; Lee E. Weiss; Michael J. Wozny},
 title    = {Rapid Prototyping in Europe and Japan},
 volume  = {II},
 publisher= {Perspectiva},
 note     = {Tradução Gilson Cesar Cardoso de Souza},
 year     = {2009}
}

@Article{Beaman,
 author   = {Joseph J. Beaman},
 title    = {Solid Freeform Fabrication: An Historical Perspective},
 journal  = {SFF 2001 Proceedings},
 year     = {2001}
}

@Article{RapidTech,
 author   = {David L. Bourell; Joseph J. Beaman Jr.; Ming C. Leu; David W. Rosen},
 title    = {A Brief History of Additive Manufacturing and the 2009 Roadmap for Additive Manufacturing: Looking Back and Looking Ahead},
 journal  = {RapidTech 2009: US-TURKEY Workshop on Rapid Technologies},
 year     = {2009}
}

@Article{Schutzer,
 author   = {Dan Schutzer},
 title    = {Potential Impact of 3D Printing on Financial Services},
 journal  = {BITS - Financial Services Roudtable},
 year     = {2013}
}

@Misc{Stratasys,
 author   = {Stratasys, Inc.},
 title    = {Fast, Precise, Safe Prototyper With FDM},
 journal  = {Solid Freeform Fabrication Symposium},
 year   ={1992}
}

@Misc{3DSystems,
 author   = {Rock Hill},
 title    = {3D Systems- CEO And Co-Founder Anchor List Of 20 Most Influential People In 3D Printing},
 year     = {2012},
 howpublished= {\url{http://www.3dsystems.com/sites/www.3dsystems.com/files/06182012-3d-systems-ceo-and-co-founder-anchor-list-of-20-most-influential-people-in-3d-printing.pdf}}
}

@Article{Contuzzi,
 author   = {Contuzzi N.; Campanelli S. L.; Ludovico A. D.},
 title    = {3D Finite Element Analysis in the Selective Laser Melting Process},
 journal  = {Int j simul model},
 year     = {2011}
}

@Article{Wohlers,
 author   = {Terry Wohlers, Tim Gornet},
 title    = {History of additive manufacturing},
 journal  = {Wohlers Report},
 year     = {2012}
}

@Article{Costa,
 author   = {Lino Costa, Rui Vilar},
 title    = {Laser powder deposition},
 journal  = {Rapid Prototyping Journal},
 year     ={2009}
}

@Misc{ZCorp,
 author   = {Z Corporation},
 title    = {Z Corporation 3D Printing Technology - Fast, Affordable and Uniquely Versatile},
 howpublished  = {\url{http://www.zcorp.com/documents/108\_3D\%20Printing%20White\%20Paper\%20FINAL.pdf}},
 year     = {1995}
}

@Misc{Grimm,
 author   = {Todd Grimm, Terry Wohlers},
 title    = {3D Printers for the Home: Are They in Our Future?},
 howpublished  = {\url{http://www.tagrimm.com/publications/perspectives-jun2001.html}},
 year     = {2001}
}

@Misc{BMC,
 author   = {BMC Toronto},
 title    = {Master of Science in Biomedical Communications},
 howpublished  = {\url{http://www.bmc.med.utoronto.ca/bmcwiki/doku.php/technology:media\_technologies:3dprinting}},
 year     = {2013}
}

@Misc{AB,
 author   = {Adrian Bowyer},
 title    = {RepRap},
 howpublished  = {\url{http://reprap.org/wiki/RepRap}},
 year     = {2013}
}

@Misc{Atala,
 author   = {Anthony Atala},
 title    = {TED},
 howpublished  = {\url{http://www.ted.com/talks/anthony\_atala\_printing\_a\_human\_kidney.html}},
 year     = {2013}
}

@Misc{Patente,
 author   = {Object Geometries},
 title    = {Apparatus and method for raised and special effects printing using inkjet technology},
 howpublished  = {U.S. Patent 6644763},
 year   = {2000}
}

@Misc{Biom,
 author   = {Stratasys},
 title    = {Stratasys Introduces ABS-M30i for Medical, Food, and Pharmaceutical Equipment Prototyping or Production},
 howpublished  = {\url{http://investors.stratasys.com/common/mobile/iphone/releasedetail.cfm?ReleaseID=598480\&CompanyID=AMDA-FNA1K\&mobileid=}},
 year     ={2008}
}

@Misc{Shapeways,
 author   = {Shapeways},
 title    = {About Us},
 howpublished  = {\url{http://www.shapeways.com/about?li=footer}},
 year     ={2013}
}

@Misc{Makerbot,
 author   = {Makerbot},
 title    = {Makerbot Thingiverse},
 howpublished  = {\url{https://www.thingiverse.com/}},
 year     ={2013}
}

@Misc{Organovo,
 author   = {3DPrinter.net},
 title    = {Organovo: the Bioprinting Pioneer to Watch},
 howpublished  = {\url{http://www.3dprinter.net/organovo-the-bioprinting-pioneer-to-watch}},
 year     ={2012}
}

@Misc{Gun,
 author   = {Owen Barrow},
 title    = {3D Printing Guns Cody Wilson},
 howpublished  = {\url{http://owenbarrow.org/wp-admin/network/3d-printing-guns-cody-wilson}},
 year     ={2013}
}

@Misc{Eco,
 author   = {Kor Ecologic},
 title    = {Urbee 2},
 howpublished  = {\url{http://korecologic.com/}},
 year     ={2013}
}

@Misc{Layerwise,
 author   = {Todd Grimm},
 title    = {Layerwise Builds the World's First Patient Specific Lower Jaw Using Laser Technology},
 howpublished  = {\url{http://www.engineering.com/3DPrinting/3DPrintingArticles/ArticleID/4253/Layerwise-Builds-the-Worlds-First-PatientSpecific-Lower-Jaw-Using-Laser-Technology.aspx}},
 year     ={2012}
}

@Misc{LiveScience,
 author   = {Jeremy Hsu},
 title    = {3D Printing Aims to Deliver Organs on Demand},
 howpublished  = {\url{http://www.livescience.com/39885-3d-printing-to-deliver-organs.html}},
 year     ={2013}
}

@Misc{Gizmodo,
 author   = {Ashley Feinberg},
 title    = {How 3D Printing Gave This Man His Life (and Face) Back},
 howpublished  = {\url{http://gizmodo.com/5993147/how-3d-printing-gave-this-man-his-life-and-face-back}},
 year     ={2013}
}

@Misc{Defdist,
 author   = {Defense Distributed},
 title    = {Makers of the Liberator Pistol},
 howpublished  = {\url{http://defdist.org/}},
 year     ={2013}
}

@Misc{ExpFut,
 author   = {Christopher Barnatt},
 title    = {3D Printing Directory},
 howpublished  = {\url{http://explainingthefuture.com/3d\_printing\_directory.html}},
 year     ={2013}
}

@Misc{JimLar,
 author   = {Jim Larson - Thingiverse},
 title    = {Dual Extrusion Calibration using Slic3r},
 howpublished= {\url{http://www.thingiverse.com/thing:124450}},
 year	=	{2013}
}

@Misc{MM,
 author   = {Metamáquina},
 title    = {Repository},
 howpublished= {\url{https://github.com/Metamaquina}},
 year	=	{2013}
}

@Misc{Slic3r,
 author   = {Slic3r},
 title    = {G-code generator for 3D printers},
 howpublished= {\url{http://slic3r.org/}},
 year	=	{2013}
}

@Book{McGee,
 author   = {Thomas McGee},
 title    = {Principles and Methods of Temperature Measurement},
 publisher= {John Wiley \& Sons},
 year     = {1988}
}

@Misc{Rambo,
 author   = {Johnny Russell },
 title    = {Rambo - RepRap},
 howpublished= {\url{http://reprap.org/wiki/Rambo}},
 year	=	{2013}
}

@Misc{Loctite,
 author   = {Loctite},
 title    = {Tecnical Data Sheet - LOCTITE 243},
 howpublished= {\url{http://tds.loctite.com/tds5/docs/243\%20NEW-EN.PDF}},
 year	=	{2013}
}

@Misc{seemeCNC,
 author   = {seemeCNC},
 title    = {SeemeCNC - 3D Printers and More},
 howpublished= {\url{https://raw.github.com/seemecnc/Orion\_Delta/master/USER\_MANUAL/ORIONUserManual.pdf}},
 year	=	{2013}
}